@article{hollings2014embedding,
	title={Embedding semigroups in groups: not as simple as it might seem},
	author={Hollings, Christopher},
	journal={Archive for history of exact sciences},
	volume={68},
	number={5},
	pages={641--692},
	year={2014},
	publisher={Springer}
}
@book{van1930moderne,
	title={Moderne algebra},
	volume={1},
	author={Van der Waerden, B.L.},
	year={1930},
	publisher={Springer-Verlag Berlin Heidelberg}
}

@article{sushkevich1935extension,
	title={On the extension of a semigroup to the whole group},
	author={Sushkevich, A.K.},
	journal={Zapiski Kharkovskogo matematicheskogo obshchestva},
	volume={12},
	pages={81--87},
	year={1935}
}
@article{malcev1937immersion,
	title={On the immersion of an algebraic ring into a field},
	author={Malcev, A.},
	journal={Mathematische Annalen},
	volume={113},
	number={1},
	pages={686--691},
	year={1937},
	publisher={Springer}
}

@article{malcev1939immersionI,
	title={On the immersion of associative systems in groups},
	author={Malcev, A.},
	journal={Mat. Sbornik},
	volume={6},
	number={48},
	pages={331--336},
	year={1939}
}
@article{malcev1940immersionII,
	title={On the immersion of associative systems in groups II},
	author={Malcev, A.},
	journal={Mat. Sbornik},
	volume={8},
	number={50},
	pages={251--264},
	year={1940}
}
@article{lambek1951immersibility,
	title={The immersibility of a semigroup into a group},
	author={Lambek, J.},
	journal={Canadian Journal of Mathematics},
	volume={3},
	pages={34--43},
	year={1951},
	publisher={Cambridge University Press}
}
@article{krstic1985embedding,
	title={Embedding semigroups in groups: a geometrical approach},
	author={Krstic, S.},
	journal={Publications de lâ€™Institut Mathematique, nouvelle serie, tome38 (52)},
	pages={69--82},
	year={1985}
}
@inproceedings{johnstone2008embedding,
	title={On embedding categories in groupoids},
	author={Johnstone, P. T.},
	booktitle={Mathematical Proceedings of the Cambridge Philosophical Society},
	volume={145},
	number={2},
	pages={273--294},
	year={2008},
	organization={Cambridge University Press}
}